@inproceedings{CSFreview,
	author = "Richard J. Parker",
	title = "Clustered Star Formation: A Review",
	booktitle = "The Labyrinth of Star Formation",
	year = "2014",
	editor = "Springer",
	volume = "36",
	series = "Astrophysics and Space Science Proceedings",
	pages = "431",
	organization = "Institute for Astronomy, ETH ZÃ¼rich",
	publisher = "Springer International Publishing Switzerland",
}

